@article{Kuzmin:2007kr,
      author         = "Kuzmin, Konstantin S. and Lyubushkin, Vladimir V. and
                        Naumov, Vadim A.",
      title          = "{Quasielastic axial-vector mass from experiments on
                        neutrino-nucleus scattering}",
      journal        = "Eur.Phys.J.",
      volume         = "C54",
      pages          = "517-538",
      doi            = "10.1140/epjc/s10052-008-0582-x",
      year           = "2008",
      eprint         = "0712.4384",
      archivePrefix  = "arXiv",
      primaryClass   = "hep-ph",
      SLACcitation   = "%%CITATION = ARXIV:0712.4384;%%",
}

@article{Gran:2006jn,
      author         = "Gran, R. and others",
      title          = "{Measurement of the quasi-elastic axial vector mass in
                        neutrino-oxygen interactions}",
      collaboration  = "K2K Collaboration",
      journal        = "Phys.Rev.",
      volume         = "D74",
      pages          = "052002",
      doi            = "10.1103/PhysRevD.74.052002",
      year           = "2006",
      eprint         = "hep-ex/0603034",
      archivePrefix  = "arXiv",
      primaryClass   = "hep-ex",
      SLACcitation   = "%%CITATION = HEP-EX/0603034;%%",
}

@article{Ashie:2005ik,
      author         = "Ashie, Y. and others",
      title          = "{A Measurement of atmospheric neutrino oscillation
                        parameters by SUPER-KAMIOKANDE I}",
      collaboration  = "Super-Kamiokande Collaboration",
      journal        = "Phys.Rev.",
      volume         = "D71",
      pages          = "112005",
      doi            = "10.1103/PhysRevD.71.112005",
      year           = "2005",
      eprint         = "hep-ex/0501064",
      archivePrefix  = "arXiv",
      primaryClass   = "hep-ex",
      SLACcitation   = "%%CITATION = HEP-EX/0501064;%%",
}

@article{AguilarArevalo:2010zc,
      author         = "Aguilar-Arevalo, A.A. and others",
      title          = "{First Measurement of the Muon Neutrino Charged Current
                        Quasielastic Double Differential Cross Section}",
      collaboration  = "MiniBooNE Collaboration",
      journal        = "Phys.Rev.",
      volume         = "D81",
      pages          = "092005",
      doi            = "10.1103/PhysRevD.81.092005",
      year           = "2010",
      eprint         = "1002.2680",
      archivePrefix  = "arXiv",
      primaryClass   = "hep-ex",
      reportNumber   = "FERMILAB-PUB-10-046-E",
      SLACcitation   = "%%CITATION = ARXIV:1002.2680;%%",
}

@article{Martini:2011wp,
      author         = "Martini, M. and Ericson, M. and Chanfray, G.",
      title          = "{Neutrino quasielastic interaction and nuclear dynamics}",
      journal        = "Phys.Rev.",
      volume         = "C84",
      pages          = "055502",
      doi            = "10.1103/PhysRevC.84.055502",
      year           = "2011",
      eprint         = "1110.0221",
      archivePrefix  = "arXiv",
      primaryClass   = "nucl-th",
      SLACcitation   = "%%CITATION = ARXIV:1110.0221;%%",
}

@article{Honda:2011nf,
      author         = "Honda, M. and Kajita, T. and Kasahara, K. and Midorikawa,
                        S.",
      title          = "{Improvement of low energy atmospheric neutrino flux
                        calculation using the JAM nuclear interaction model}",
      journal        = "Phys.Rev.",
      volume         = "D83",
      pages          = "123001",
      doi            = "10.1103/PhysRevD.83.123001",
      year           = "2011",
      eprint         = "1102.2688",
      archivePrefix  = "arXiv",
      primaryClass   = "astro-ph.HE",
      SLACcitation   = "%%CITATION = ARXIV:1102.2688;%%",
}

@article{Tortola:2012te,
      author         = "Forero, D.V. and Tortola, M. and Valle, J.W.F.",
      title          = "{Global status of neutrino oscillation parameters after
                        Neutrino-2012}",
      journal        = "Phys.Rev.",
      volume         = "D86",
      pages          = "073012",
      doi            = "10.1103/PhysRevD.86.073012",
      year           = "2012",
      eprint         = "1205.4018",
      archivePrefix  = "arXiv",
      primaryClass   = "hep-ph",
      reportNumber   = "IFIC-12-31",
      SLACcitation   = "%%CITATION = ARXIV:1205.4018;%%",
}

@article{Naumov:1991ju,
      author         = "Naumov, Vadim A.",
      title          = "{Three neutrino oscillations in matter, CP violation and
                        topological phases}",
      journal        = "Int.J.Mod.Phys.",
      volume         = "D1",
      pages          = "379-399",
      doi            = "10.1142/S0218271892000203",
      year           = "1992",
      reportNumber   = "KEK-PREPRINT-91-176",
      SLACcitation   = "%%CITATION = IMPAE,D1,379;%%",
}
@article{Naumov:1991rh,
      author         = "Naumov, Vadim A.",
      title          = "{Three neutrino oscillations in matter and topological
                        phases}",
      journal        = "Sov.Phys.JETP",
      volume         = "74",
      pages          = "1-8",
      year           = "1992",
      reportNumber   = "ITF-91-34P",
      SLACcitation   = "%%CITATION = SPHJA,74,1;%%",
}

@article{Agarwalla:2012uj,
      author         = "Agarwalla, Sanjib Kumar and Li, Tracey and Mena, Olga and
                        Palomares-Ruiz, Sergio",
      title          = "{Exploring the Earth matter effect with atmospheric
                        neutrinos in ice}",
      year           = "2012",
      eprint         = "1212.2238",
      archivePrefix  = "arXiv",
      primaryClass   = "hep-ph",
      reportNumber   = "IFIC-12-81, CFTP-12-019",
      SLACcitation   = "%%CITATION = ARXIV:1212.2238;%%",
}

@article{Wendell:2010md,
      author         = "Wendell, R. and others",
      title          = "{Atmospheric neutrino oscillation analysis with
                        sub-leading effects in Super-Kamiokande I, II, and III}",
      collaboration  = "Super-Kamiokande Collaboration",
      journal        = "Phys.Rev.",
      volume         = "D81",
      pages          = "092004",
      doi            = "10.1103/PhysRevD.81.092004",
      year           = "2010",
      eprint         = "1002.3471",
      archivePrefix  = "arXiv",
      primaryClass   = "hep-ex",
      SLACcitation   = "%%CITATION = ARXIV:1002.3471;%%",
}

@article{Abe:2011ks,
      author         = "Abe, K. and others",
      title          = "{The T2K Experiment}",
      collaboration  = "T2K Collaboration",
      journal        = "Nucl.Instrum.Meth.",
      volume         = "A659",
      pages          = "106-135",
      doi            = "10.1016/j.nima.2011.06.067",
      year           = "2011",
      eprint         = "1106.1238",
      archivePrefix  = "arXiv",
      primaryClass   = "physics.ins-det",
      SLACcitation   = "%%CITATION = ARXIV:1106.1238;%%",
}
