@article{Ashie:2005ik,
      author         = "Ashie, Y. and others",
      title          = "{A Measurement of atmospheric neutrino oscillation
                        parameters by SUPER-KAMIOKANDE I}",
      collaboration  = "Super-Kamiokande Collaboration",
      journal        = "Phys.Rev.",
      volume         = "D71",
      pages          = "112005",
      doi            = "10.1103/PhysRevD.71.112005",
      year           = "2005",
      eprint         = "hep-ex/0501064",
      archivePrefix  = "arXiv",
      primaryClass   = "hep-ex",
      SLACcitation   = "%%CITATION = HEP-EX/0501064;%%",
}

@article{Kuzmin:2007kr,
      author         = "Kuzmin, Konstantin S. and Lyubushkin, Vladimir V. and
                        Naumov, Vadim A.",
      title          = "{Quasielastic axial-vector mass from experiments on
                        neutrino-nucleus scattering}",
      journal        = "Eur.Phys.J.",
      volume         = "C54",
      pages          = "517-538",
      doi            = "10.1140/epjc/s10052-008-0582-x",
      year           = "2008",
      eprint         = "0712.4384",
      archivePrefix  = "arXiv",
      primaryClass   = "hep-ph",
      SLACcitation   = "%%CITATION = ARXIV:0712.4384;%%",
}

@article{Kuzmin:2014,
      author         = "Kuzmin, Konstantin S. and Naumov, Vadim A.",
      title          = "{In progress}"
}

@article{Lyubushkin:2008pe,
      author         = "Lyubushkin, V and others",
      title          = "{A Study of quasi-elastic muon neutrino and antineutrino
                        scattering in the NOMAD experiment}",
      collaboration  = "NOMAD Collaboration",
      journal        = "Eur.Phys.J.",
      volume         = "C63",
      pages          = "355-381",
      doi            = "10.1140/epjc/s10052-009-1113-0",
      year           = "2009",
      eprint         = "0812.4543",
      archivePrefix  = "arXiv",
      primaryClass   = "hep-ex",
      SLACcitation   = "%%CITATION = ARXIV:0812.4543;%%",
}

@article{Gran:2006jn,
      author         = "Gran, R. and others",
      title          = "{Measurement of the quasi-elastic axial vector mass in
                        neutrino-oxygen interactions}",
      collaboration  = "K2K Collaboration",
      journal        = "Phys.Rev.",
      volume         = "D74",
      pages          = "052002",
      doi            = "10.1103/PhysRevD.74.052002",
      year           = "2006",
      eprint         = "hep-ex/0603034",
      archivePrefix  = "arXiv",
      primaryClass   = "hep-ex",
      SLACcitation   = "%%CITATION = HEP-EX/0603034;%%",
}

@article{AguilarArevalo:2010zc,
      author         = "Aguilar-Arevalo, A.A. and others",
      title          = "{First Measurement of the Muon Neutrino Charged Current
                        Quasielastic Double Differential Cross Section}",
      collaboration  = "MiniBooNE Collaboration",
      journal        = "Phys.Rev.",
      volume         = "D81",
      pages          = "092005",
      doi            = "10.1103/PhysRevD.81.092005",
      year           = "2010",
      eprint         = "1002.2680",
      archivePrefix  = "arXiv",
      primaryClass   = "hep-ex",
      reportNumber   = "FERMILAB-PUB-10-046-E",
      SLACcitation   = "%%CITATION = ARXIV:1002.2680;%%",
}

@article{Martini:2011wp,
      author         = "Martini, M. and Ericson, M. and Chanfray, G.",
      title          = "{Neutrino quasielastic interaction and nuclear dynamics}",
      journal        = "Phys.Rev.",
      volume         = "C84",
      pages          = "055502",
      doi            = "10.1103/PhysRevC.84.055502",
      year           = "2011",
      eprint         = "1110.0221",
      archivePrefix  = "arXiv",
      primaryClass   = "nucl-th",
      SLACcitation   = "%%CITATION = ARXIV:1110.0221;%%",
}

@article{Honda:2011nf,
      author         = "Honda, M. and Kajita, T. and Kasahara, K. and Midorikawa,
                        S.",
      title          = "{Improvement of low energy atmospheric neutrino flux
                        calculation using the JAM nuclear interaction model}",
      journal        = "Phys.Rev.",
      volume         = "D83",
      pages          = "123001",
      doi            = "10.1103/PhysRevD.83.123001",
      year           = "2011",
      eprint         = "1102.2688",
      archivePrefix  = "arXiv",
      primaryClass   = "astro-ph.HE",
      SLACcitation   = "%%CITATION = ARXIV:1102.2688;%%",
}

@article{Sinegovskaya:2014pia,
      author         = "Sinegovskaya, T.S. and Morozova, A.D. and Sinegovsky,
                        S.I.",
      title          = "{High-energy neutrino fluxes and flavor ratio in the
                        Earth atmosphere}",
      year           = "2014",
      eprint         = "1407.3591",
      archivePrefix  = "arXiv",
      primaryClass   = "astro-ph.HE",
      SLACcitation   = "%%CITATION = ARXIV:1407.3591;%%",
}

@article{Gaisser:2013ira,
      author         = "Gaisser, Thomas K.",
      title          = "{Atmospheric leptons, the search for a prompt component}",
      year           = "2013",
      eprint         = "1303.1431",
      archivePrefix  = "arXiv",
      primaryClass   = "hep-ph",
      SLACcitation   = "%%CITATION = ARXIV:1303.1431;%%",
}

@article{Kalinovsky:1989kk,
      author         = "Kalinovsky, A.N. and Mokhov, N.V. and Nikitin, Yu.P.",
      title          = "{PASSAGE OF HIGH-ENERGY PARTICLES THROUGH MATTER}",
      year           = "1989",
      SLACcitation   = "%%CITATION = INSPIRE-286833;%%",
}

@article{Tortola:2012te,
      author         = "Forero, D.V. and Tortola, M. and Valle, J.W.F.",
      title          = "{Global status of neutrino oscillation parameters after
                        Neutrino-2012}",
      journal        = "Phys.Rev.",
      volume         = "D86",
      pages          = "073012",
      doi            = "10.1103/PhysRevD.86.073012",
      year           = "2012",
      eprint         = "1205.4018",
      archivePrefix  = "arXiv",
      primaryClass   = "hep-ph",
      reportNumber   = "IFIC-12-31",
      SLACcitation   = "%%CITATION = ARXIV:1205.4018;%%",
}

@article{Naumov:1991ju,
      author         = "Naumov, Vadim A.",
      title          = "{Three neutrino oscillations in matter, CP violation and
                        topological phases}",
      journal        = "Int.J.Mod.Phys.",
      volume         = "D1",
      pages          = "379-399",
      doi            = "10.1142/S0218271892000203",
      year           = "1992",
      reportNumber   = "KEK-PREPRINT-91-176",
      SLACcitation   = "%%CITATION = IMPAE,D1,379;%%",
}
@article{Naumov:1991rh,
      author         = "Naumov, Vadim A.",
      title          = "{Three neutrino oscillations in matter and topological
                        phases}",
      journal        = "Sov.Phys.JETP",
      volume         = "74",
      pages          = "1-8",
      year           = "1992",
      reportNumber   = "ITF-91-34P",
      SLACcitation   = "%%CITATION = SPHJA,74,1;%%",
}

@article{Naumov:2001ci,
      author         = "Naumov, Vadim A.",
      title          = "{High-energy neutrino oscillations in absorbing matter}",
      journal        = "Phys.Lett.",
      volume         = "B529",
      pages          = "199-211",
      doi            = "10.1016/S0370-2693(02)01258-3",
      year           = "2002",
      eprint         = "hep-ph/0112249",
      archivePrefix  = "arXiv",
      primaryClass   = "hep-ph",
      reportNumber   = "INFNFE-06-01",
      SLACcitation   = "%%CITATION = HEP-PH/0112249;%%",
}

@article{Dziewonski:1981xy,
      author         = "Dziewonski, A.M. and Anderson, D.L.",
      title          = "{Preliminary reference earth model}",
      journal        = "Phys.Earth Planet.Interiors",
      volume         = "25",
      pages          = "297-356",
      doi            = "10.1016/0031-9201(81)90046-7",
      year           = "1981",
      SLACcitation   = "%%CITATION = PEPIA,25,297;%%",
}

@article{Meloni:2012fq,
      author         = "Meloni, D. and Martini, M.",
      title          = "{Revisiting the T2K data using different models for the
                        neutrino-nucleus cross sections}",
      journal        = "Phys.Lett.",
      volume         = "B716",
      pages          = "186-192",
      doi            = "10.1016/j.physletb.2012.08.007",
      year           = "2012",
      eprint         = "1203.3335",
      archivePrefix  = "arXiv",
      primaryClass   = "hep-ph",
      reportNumber   = "RM3-TH-12-2",
      SLACcitation   = "%%CITATION = ARXIV:1203.3335;%%",
}

@article{Abe:2011sj,
      author         = "Abe, K. and others",
      title          = "{Indication of Electron Neutrino Appearance from an
                        Accelerator-produced Off-axis Muon Neutrino Beam}",
      collaboration  = "T2K Collaboration",
      journal        = "Phys.Rev.Lett.",
      volume         = "107",
      pages          = "041801",
      doi            = "10.1103/PhysRevLett.107.041801",
      year           = "2011",
      eprint         = "1106.2822",
      archivePrefix  = "arXiv",
      primaryClass   = "hep-ex",
      SLACcitation   = "%%CITATION = ARXIV:1106.2822;%%",
}

@article{Abe:2012gx,
      author         = "Abe, K. and others",
      title          = "{First Muon-Neutrino Disappearance Study with an Off-Axis
                        Beam}",
      collaboration  = "T2K Collaboration",
      journal        = "Phys.Rev.",
      volume         = "D85",
      pages          = "031103",
      doi            = "10.1103/PhysRevD.85.031103",
      year           = "2012",
      eprint         = "1201.1386",
      archivePrefix  = "arXiv",
      primaryClass   = "hep-ex",
      SLACcitation   = "%%CITATION = ARXIV:1201.1386;%%",
}

@article{Martini:2009uj,
      author         = "Martini, M. and Ericson, M. and Chanfray, G. and Marteau,
                        J.",
      title          = "{A Unified approach for nucleon knock-out, coherent and
                        incoherent pion production in neutrino interactions with
                        nuclei}",
      journal        = "Phys.Rev.",
      volume         = "C80",
      pages          = "065501",
      doi            = "10.1103/PhysRevC.80.065501",
      year           = "2009",
      eprint         = "0910.2622",
      archivePrefix  = "arXiv",
      primaryClass   = "nucl-th",
      reportNumber   = "LYCEN-2009-10, CERN-TH-PH-2009-192, CERN-PH-TH-2009-192",
      SLACcitation   = "%%CITATION = ARXIV:0910.2622;%%",
}

@article{Wendell:2010md,
      author         = "Wendell, R. and others",
      title          = "{Atmospheric neutrino oscillation analysis with
                        sub-leading effects in Super-Kamiokande I, II, and III}",
      collaboration  = "Super-Kamiokande Collaboration",
      journal        = "Phys.Rev.",
      volume         = "D81",
      pages          = "092004",
      doi            = "10.1103/PhysRevD.81.092004",
      year           = "2010",
      eprint         = "1002.3471",
      archivePrefix  = "arXiv",
      primaryClass   = "hep-ex",
      SLACcitation   = "%%CITATION = ARXIV:1002.3471;%%",
}

@article{Abe:2011ks,
      author         = "Abe, K. and others",
      title          = "{The T2K Experiment}",
      collaboration  = "T2K Collaboration",
      journal        = "Nucl.Instrum.Meth.",
      volume         = "A659",
      pages          = "106-135",
      doi            = "10.1016/j.nima.2011.06.067",
      year           = "2011",
      eprint         = "1106.1238",
      archivePrefix  = "arXiv",
      primaryClass   = "physics.ins-det",
      SLACcitation   = "%%CITATION = ARXIV:1106.1238;%%",
}
